<record><leader>03333cam a2200397 u 4500</leader><controlfield tag="001">6783834</controlfield><controlfield tag="003">OCoLC</controlfield><controlfield tag="005">20141119123207.4</controlfield><controlfield tag="006">m     o  d        </controlfield><controlfield tag="007">cr cnu---unuuu</controlfield><controlfield tag="008">141025s2015    cau     o     000 0 eng d</controlfield><datafield ind1=" " ind2=" " tag="020"><subfield code="a">9780520959125</subfield><subfield code="q">electronic bk.</subfield></datafield><datafield ind1=" " ind2=" " tag="020"><subfield code="a">0520959124</subfield><subfield code="q">electronic bk.</subfield></datafield><datafield ind1=" " ind2=" " tag="037"><subfield code="a">875719</subfield><subfield code="b">EBSCO</subfield></datafield><datafield ind1=" " ind2=" " tag="039"><subfield code="a">exclude</subfield></datafield><datafield ind1=" " ind2=" " tag="040"><subfield code="a">CaONFJC</subfield><subfield code="c">CaONFJC</subfield><subfield code="e">rda</subfield><subfield code="d">AEU</subfield></datafield><datafield ind1=" " ind2="4" tag="050"><subfield code="a">GR340 .F66 2015</subfield></datafield><datafield ind1=" " ind2="7" tag="072"><subfield code="a">SOC</subfield><subfield code="x">011000</subfield><subfield code="2">bisacsh</subfield></datafield><datafield ind1="0" ind2="4" tag="082"><subfield code="a">398.20952</subfield><subfield code="2">23</subfield></datafield><datafield ind1=" " ind2=" " tag="090"><subfield code="a">Internet Access</subfield><subfield code="b">AEU</subfield></datafield><datafield ind1="1" ind2=" " tag="100"><subfield code="a">Foster, Michael Dylan,</subfield><subfield code="d">1965-</subfield><subfield code="e">author.</subfield></datafield><datafield ind1="1" ind2="4" tag="245"><subfield code="a">The Book of Yokai</subfield><subfield code="h">[electronic resource] :</subfield><subfield code="b">mysterious creatures of Japanese folklore /</subfield><subfield code="c">Michael Dylan Foster ; with original illustrations by Shinonome Kijin.</subfield></datafield><datafield ind1=" " ind2=" " tag="260"><subfield code="a">Berkeley :</subfield><subfield code="b">University of California Press,</subfield><subfield code="c">2015.</subfield></datafield><datafield ind1=" " ind2=" " tag="300"><subfield code="a">1 online resource (331 p.)</subfield></datafield><datafield ind1=" " ind2=" " tag="500"><subfield code="a">Description based upon print version of record.</subfield></datafield><datafield ind1=" " ind2=" " tag="505"><subfield code="a">Yokai, folklore, and this book -- The language of yokai -- Event becomes object -- Heroes of myth and legend -- Weird tales and weird tastes -- Modern disciplines -- Postwar animation and the yokai boom -- Yokai culture network -- Zone of uncertainty -- The order of yokai -- Wilds -- Water -- Countryside -- Village and city -- Home -- Epilogue.</subfield></datafield><datafield ind1=" " ind2=" " tag="520"><subfield code="a">"Monsters, ghosts, fantastic beings, and supernatural phenomena of all sorts haunt the folklore and popular culture of Japan. Broadly labeled 'yokai, ' these creatures come in infinite shapes and sizes, from tengu mountain goblins and kappa water spirits to shape-shifting foxes and long-tongued ceiling-lickers. Currently popular in anime, manga, film, and computer games, many yokai originated in local legends, folktales, and regional ghost stories. Drawing on years of research in Japan, Michael Dylan Foster unpacks the history and cultural context of yokai, tracing their roots, interpreting their meanings, and introducing people who have hunted them through the ages. In this delightful and accessible narrative, readers will explore the roles played by these mysterious beings within Japanese culture and will also learn of their abundance and variety through detailed entries, some with original illustrations, on more than fifty individual creatures. The Book of Yokai provides a lively excursion into Japanese folklore and its ever-expanding influence within global popular culture. It invites readers to examine how people create, transmit, and collect folklore, and how they make sense of the mysteries in the world around them. By exploring yokai as a concept, we can better understand broader processes of tradition, innovation, storytelling, and individual and communal creativity"--Provided by publisher.</subfield></datafield><datafield ind1=" " ind2=" " tag="506"><subfield code="a">Access restricted to authorized users and institutions.</subfield></datafield><datafield ind1=" " ind2=" " tag="596"><subfield code="a">44</subfield></datafield><datafield ind1=" " ind2="0" tag="650"><subfield code="a">Animals, Mythical</subfield><subfield code="z">Japan.</subfield></datafield><datafield ind1=" " ind2="0" tag="650"><subfield code="a">Spirits.</subfield></datafield><datafield ind1=" " ind2="0" tag="650"><subfield code="a">Y&#333;kai (Japanese folklore)</subfield></datafield><datafield ind1=" " ind2="0" tag="651"><subfield code="a">Japan</subfield><subfield code="x">Folklore.</subfield></datafield><datafield ind1="4" ind2="0" tag="856"><subfield code="3">University of Alberta Access</subfield><subfield code="u">http://search.ebscohost.com/login.aspx?direct=true&amp;scope=site&amp;db=nlebk&amp;db=nlabk&amp;AN=875719</subfield><subfield code="x">Limited to 365 Uses Per Calendar Year</subfield><subfield code="z">(Unlimited Concurrent Users)</subfield></datafield><datafield ind1=" " ind2=" " tag="949"><subfield code="w">ORDER</subfield><subfield code="h">UAIN</subfield><subfield code="z">PDACOUTTS</subfield></datafield><datafield ind1=" " ind2=" " tag="926"><subfield code="a">Internet Access</subfield><subfield code="w">LC</subfield><subfield code="c">1</subfield><subfield code="i">6783834-1001</subfield><subfield code="l">INTERNET</subfield><subfield code="m">UAINTERNET</subfield><subfield code="r">Y</subfield><subfield code="s">Y</subfield><subfield code="t">E-RESOURCE</subfield><subfield code="u">1/16/2015</subfield><subfield code="x">E-BOOK</subfield><subfield code="z">PDAOWNED</subfield></datafield></record>